<record><leader>00000cas a22000007a 4500</leader><controlfield tag="001">11352871</controlfield><controlfield tag="008">841106d18681899ksuwr ne      0    0eng d</controlfield><datafield ind1=" " ind2=" " tag="010"><subfield code="a">sn 84027609 </subfield></datafield><datafield ind1=" " ind2=" " tag="040"><subfield code="a">NPU</subfield><subfield code="b">eng</subfield><subfield code="c">NPU</subfield><subfield code="d">NPT</subfield><subfield code="d">NPX</subfield><subfield code="d">NVF</subfield><subfield code="d">OCLCQ</subfield><subfield code="d">OCLCF</subfield><subfield code="d">OCLCO</subfield></datafield><datafield ind1="1" ind2=" " tag="029"><subfield code="a">AU@</subfield><subfield code="b">000020370282</subfield></datafield><datafield ind1=" " ind2=" " tag="042"><subfield code="a">msc</subfield></datafield><datafield ind1=" " ind2=" " tag="043"><subfield code="a">n-us-ks</subfield></datafield><datafield ind1="0" ind2=" " tag="130"><subfield code="a">Eureka herald (Eureka, Kan. : 1868)</subfield></datafield><datafield ind1="1" ind2="4" tag="245"><subfield code="a">The Eureka herald.</subfield></datafield><datafield ind1=" " ind2=" " tag="260"><subfield code="a">Eureka, Kan. :</subfield><subfield code="b">S.G. Mead,</subfield><subfield code="c">1868-1899.</subfield></datafield><datafield ind1=" " ind2=" " tag="300"><subfield code="a">32 v. :</subfield><subfield code="b">ill. ;</subfield><subfield code="c">49-70 cm.</subfield></datafield><datafield ind1=" " ind2=" " tag="310"><subfield code="a">Weekly</subfield></datafield><datafield ind1="0" ind2=" " tag="362"><subfield code="a">Vol. 1, no. 1 (July 10, 1868)-v. 32, no. 24 (Nov. 24, 1899).</subfield></datafield><datafield ind1=" " ind2=" " tag="500"><subfield code="a">Publisher: Mead &amp; Dunham, &lt;1876&gt;.</subfield></datafield><datafield ind1=" " ind2=" " tag="500"><subfield code="a">"Republican."</subfield></datafield><datafield ind1=" " ind2=" " tag="500"><subfield code="a">Editors: S.G. Mead, &lt;1874&gt;; Mead &amp; Dunham, &lt;1876&gt;.</subfield></datafield><datafield ind1=" " ind2="0" tag="651"><subfield code="a">Eureka (Kan.)</subfield><subfield code="v">Newspapers.</subfield></datafield><datafield ind1=" " ind2="7" tag="655"><subfield code="a">Newspapers.</subfield><subfield code="2">fast</subfield><subfield code="0">(OCoLC)fst01423814</subfield></datafield><datafield ind1=" " ind2="7" tag="651"><subfield code="a">Kansas</subfield><subfield code="z">Eureka.</subfield><subfield code="2">fast</subfield><subfield code="0">(OCoLC)fst01219100</subfield></datafield><datafield ind1=" " ind2=" " tag="752"><subfield code="a">United States</subfield><subfield code="b">Kansas</subfield><subfield code="c">Greenwood</subfield><subfield code="d">Eureka.</subfield></datafield><datafield ind1="0" ind2="5" tag="780"><subfield code="t">Greenwood County Republican</subfield><subfield code="g">Oct. 1, 1892</subfield><subfield code="w">(DLC)sn 84030205</subfield></datafield><datafield ind1="0" ind2="0" tag="785"><subfield code="t">Eureka herald and Greenwood County Republican</subfield><subfield code="w">(DLC)sn 84030204</subfield></datafield></record>